%YAML 1.1
%TAG !u! tag:unity3d.com,2011:
--- !u!1 &108804
GameObject:
  m_ObjectHideFlags: 0
  m_PrefabParentObject: {fileID: 0}
  m_PrefabInternal: {fileID: 100100000}
  serializedVersion: 4
  m_Component:
  - 4: {fileID: 458402}
  m_Layer: 0
  m_Name: Floor
  m_TagString: Untagged
  m_Icon: {fileID: 0}
  m_NavMeshLayer: 0
  m_StaticEditorFlags: 0
  m_IsActive: 1
--- !u!1 &121470
GameObject:
  m_ObjectHideFlags: 0
  m_PrefabParentObject: {fileID: 0}
  m_PrefabInternal: {fileID: 100100000}
  serializedVersion: 4
  m_Component:
  - 4: {fileID: 489932}
  - 114: {fileID: 11428204}
  - 23: {fileID: 2376450}
  m_Layer: 0
  m_Name: Floor
  m_TagString: Untagged
  m_Icon: {fileID: 0}
  m_NavMeshLayer: 0
  m_StaticEditorFlags: 0
  m_IsActive: 1
--- !u!1 &145790
GameObject:
  m_ObjectHideFlags: 1
  m_PrefabParentObject: {fileID: 0}
  m_PrefabInternal: {fileID: 100100000}
  serializedVersion: 4
  m_Component:
  - 4: {fileID: 448072}
  - 114: {fileID: 11421388}
  - 33: {fileID: 3353714}
  - 23: {fileID: 2343618}
  m_Layer: 0
  m_Name: Chunk
  m_TagString: Untagged
  m_Icon: {fileID: 0}
  m_NavMeshLayer: 0
  m_StaticEditorFlags: 0
  m_IsActive: 1
--- !u!4 &448072
Transform:
  m_ObjectHideFlags: 1
  m_PrefabParentObject: {fileID: 0}
  m_PrefabInternal: {fileID: 100100000}
  m_GameObject: {fileID: 145790}
  m_LocalRotation: {x: 0, y: 0, z: 0, w: 1}
  m_LocalPosition: {x: 0, y: 0, z: 0}
  m_LocalScale: {x: 1, y: 1, z: 1}
  m_Children: []
  m_Father: {fileID: 489932}
  m_RootOrder: 0
--- !u!4 &458402
Transform:
  m_ObjectHideFlags: 1
  m_PrefabParentObject: {fileID: 0}
  m_PrefabInternal: {fileID: 100100000}
  m_GameObject: {fileID: 108804}
  m_LocalRotation: {x: 0, y: 0, z: 0, w: 1}
  m_LocalPosition: {x: 0, y: 0, z: 0}
  m_LocalScale: {x: 1, y: 1, z: 1}
  m_Children:
  - {fileID: 489932}
  m_Father: {fileID: 0}
  m_RootOrder: 0
--- !u!4 &489932
Transform:
  m_ObjectHideFlags: 1
  m_PrefabParentObject: {fileID: 0}
  m_PrefabInternal: {fileID: 100100000}
  m_GameObject: {fileID: 121470}
  m_LocalRotation: {x: .707106829, y: 0, z: 0, w: .707106709}
  m_LocalPosition: {x: 0, y: -0, z: -2}
  m_LocalScale: {x: 1, y: 1, z: 1}
  m_Children:
  - {fileID: 448072}
  m_Father: {fileID: 458402}
  m_RootOrder: 0
--- !u!23 &2343618
MeshRenderer:
  m_ObjectHideFlags: 1
  m_PrefabParentObject: {fileID: 0}
  m_PrefabInternal: {fileID: 100100000}
  m_GameObject: {fileID: 145790}
  m_Enabled: 1
  m_CastShadows: 1
  m_ReceiveShadows: 1
  m_Materials:
  - {fileID: 0}
  m_SubsetIndices: 
  m_StaticBatchRoot: {fileID: 0}
  m_UseLightProbes: 1
  m_ReflectionProbeUsage: 1
  m_ProbeAnchor: {fileID: 0}
  m_ScaleInLightmap: 1
  m_PreserveUVs: 0
  m_ImportantGI: 0
  m_AutoUVMaxDistance: .5
  m_AutoUVMaxAngle: 89
  m_LightmapParameters: {fileID: 0}
  m_SortingLayerID: 0
  m_SortingOrder: 0
--- !u!23 &2376450
MeshRenderer:
  m_ObjectHideFlags: 3
  m_PrefabParentObject: {fileID: 0}
  m_PrefabInternal: {fileID: 100100000}
  m_GameObject: {fileID: 121470}
  m_Enabled: 0
  m_CastShadows: 1
  m_ReceiveShadows: 1
  m_Materials:
  - {fileID: 0}
  m_SubsetIndices: 
  m_StaticBatchRoot: {fileID: 0}
  m_UseLightProbes: 1
  m_ReflectionProbeUsage: 1
  m_ProbeAnchor: {fileID: 0}
  m_ScaleInLightmap: 1
  m_PreserveUVs: 0
  m_ImportantGI: 0
  m_AutoUVMaxDistance: .5
  m_AutoUVMaxAngle: 89
  m_LightmapParameters: {fileID: 0}
  m_SortingLayerID: 0
  m_SortingOrder: 0
--- !u!33 &3353714
MeshFilter:
  m_ObjectHideFlags: 1
  m_PrefabParentObject: {fileID: 0}
  m_PrefabInternal: {fileID: 100100000}
  m_GameObject: {fileID: 145790}
  m_Mesh: {fileID: 0}
--- !u!114 &11421388
MonoBehaviour:
  m_ObjectHideFlags: 1
  m_PrefabParentObject: {fileID: 0}
  m_PrefabInternal: {fileID: 100100000}
  m_GameObject: {fileID: 145790}
  m_Enabled: 1
  m_EditorHideFlags: 0
  m_Script: {fileID: 11500000, guid: e5f9c9240ff90f04298972001fb3c212, type: 3}
  m_Name: 
  m_EditorClassIdentifier: 
  map: {fileID: 11428204}
  position:
    x: 0
    y: 0
  _MeshFilter: {fileID: 3353714}
  _MeshRenderer: {fileID: 2343618}
--- !u!114 &11428204
MonoBehaviour:
  m_ObjectHideFlags: 1
  m_PrefabParentObject: {fileID: 0}
  m_PrefabInternal: {fileID: 100100000}
  m_GameObject: {fileID: 121470}
  m_Enabled: 1
  m_EditorHideFlags: 0
  m_Script: {fileID: 11500000, guid: e067fcb274bfc964394d34c8dc1fe525, type: 3}
  m_Name: 
  m_EditorClassIdentifier: 
  _Width: 2
  _Height: 2
  _TileSet: {fileID: 11400000, guid: 73399591155ebac48bd59198f25e4f9b, type: 2}
  _Cells:
  - position:
      x: 1
      y: 1
    tileID: 62
    tilePos:
      x: 0
      y: 0
    partsID: 0
    collider: {fileID: 0}
    _VertexColors:
    - {r: 1, g: 1, b: 1, a: 1}
    - {r: 1, g: 1, b: 1, a: 1}
    - {r: 1, g: 1, b: 1, a: 1}
    - {r: 1, g: 1, b: 1, a: 1}
    - {r: 1, g: 1, b: 1, a: 1}
    - {r: 1, g: 1, b: 1, a: 1}
    - {r: 1, g: 1, b: 1, a: 1}
    - {r: 1, g: 1, b: 1, a: 1}
    - {r: 1, g: 1, b: 1, a: 1}
    - {r: 1, g: 1, b: 1, a: 1}
    - {r: 1, g: 1, b: 1, a: 1}
    - {r: 1, g: 1, b: 1, a: 1}
    - {r: 1, g: 1, b: 1, a: 1}
    - {r: 1, g: 1, b: 1, a: 1}
    - {r: 1, g: 1, b: 1, a: 1}
    - {r: 1, g: 1, b: 1, a: 1}
  - position:
      x: 0
      y: 1
    tileID: 62
    tilePos:
      x: 0
      y: 0
    partsID: 0
    collider: {fileID: 0}
    _VertexColors:
    - {r: 1, g: 1, b: 1, a: 1}
    - {r: 1, g: 1, b: 1, a: 1}
    - {r: 1, g: 1, b: 1, a: 1}
    - {r: 1, g: 1, b: 1, a: 1}
    - {r: 1, g: 1, b: 1, a: 1}
    - {r: 1, g: 1, b: 1, a: 1}
    - {r: 1, g: 1, b: 1, a: 1}
    - {r: 1, g: 1, b: 1, a: 1}
    - {r: 1, g: 1, b: 1, a: 1}
    - {r: 1, g: 1, b: 1, a: 1}
    - {r: 1, g: 1, b: 1, a: 1}
    - {r: 1, g: 1, b: 1, a: 1}
    - {r: 1, g: 1, b: 1, a: 1}
    - {r: 1, g: 1, b: 1, a: 1}
    - {r: 1, g: 1, b: 1, a: 1}
    - {r: 1, g: 1, b: 1, a: 1}
  - position:
      x: 1
      y: 0
    tileID: 62
    tilePos:
      x: 0
      y: 0
    partsID: 0
    collider: {fileID: 0}
    _VertexColors:
    - {r: 1, g: 1, b: 1, a: 1}
    - {r: 1, g: 1, b: 1, a: 1}
    - {r: 1, g: 1, b: 1, a: 1}
    - {r: 1, g: 1, b: 1, a: 1}
    - {r: 1, g: 1, b: 1, a: 1}
    - {r: 1, g: 1, b: 1, a: 1}
    - {r: 1, g: 1, b: 1, a: 1}
    - {r: 1, g: 1, b: 1, a: 1}
    - {r: 1, g: 1, b: 1, a: 1}
    - {r: 1, g: 1, b: 1, a: 1}
    - {r: 1, g: 1, b: 1, a: 1}
    - {r: 1, g: 1, b: 1, a: 1}
    - {r: 1, g: 1, b: 1, a: 1}
    - {r: 1, g: 1, b: 1, a: 1}
    - {r: 1, g: 1, b: 1, a: 1}
    - {r: 1, g: 1, b: 1, a: 1}
  - position:
      x: 0
      y: 0
    tileID: 62
    tilePos:
      x: 0
      y: 0
    partsID: 0
    collider: {fileID: 0}
    _VertexColors:
    - {r: 1, g: 1, b: 1, a: 1}
    - {r: 1, g: 1, b: 1, a: 1}
    - {r: 1, g: 1, b: 1, a: 1}
    - {r: 1, g: 1, b: 1, a: 1}
    - {r: 1, g: 1, b: 1, a: 1}
    - {r: 1, g: 1, b: 1, a: 1}
    - {r: 1, g: 1, b: 1, a: 1}
    - {r: 1, g: 1, b: 1, a: 1}
    - {r: 1, g: 1, b: 1, a: 1}
    - {r: 1, g: 1, b: 1, a: 1}
    - {r: 1, g: 1, b: 1, a: 1}
    - {r: 1, g: 1, b: 1, a: 1}
    - {r: 1, g: 1, b: 1, a: 1}
    - {r: 1, g: 1, b: 1, a: 1}
    - {r: 1, g: 1, b: 1, a: 1}
    - {r: 1, g: 1, b: 1, a: 1}
  _Chunks:
  - {fileID: 11421388}
  _SortingLayerID: 0
  _SortingOrder: 0
  _Color: {r: 1, g: 1, b: 1, a: 1}
  _DummyRenderer: {fileID: 2376450}
--- !u!1001 &100100000
Prefab:
  m_ObjectHideFlags: 1
  serializedVersion: 2
  m_Modification:
    m_TransformParent: {fileID: 0}
    m_Modifications: []
    m_RemovedComponents: []
  m_ParentPrefab: {fileID: 0}
  m_RootGameObject: {fileID: 108804}
  m_IsPrefabParent: 1
