%YAML 1.1
%TAG !u! tag:unity3d.com,2011:
--- !u!114 &11400000
MonoBehaviour:
  m_ObjectHideFlags: 0
  m_PrefabParentObject: {fileID: 0}
  m_PrefabInternal: {fileID: 0}
  m_GameObject: {fileID: 0}
  m_Enabled: 1
  m_EditorHideFlags: 0
  m_Script: {fileID: 11500000, guid: c784a3511b30a6d4db924694ef724cb7, type: 3}
  m_Name: TileSet01
  m_EditorClassIdentifier: 
  material: {fileID: 2100000, guid: ef2fce7d2f46f9648a34b0f15ae1ceb3, type: 2}
  _Tiles:
  - {fileID: 11400002}
  - {fileID: 11400004}
  - {fileID: 11400006}
  - {fileID: 11400008}
  - {fileID: 11400010}
  - {fileID: 11400016}
  - {fileID: 11400012}
  - {fileID: 11400014}
  - {fileID: 11400018}
  - {fileID: 11400020}
  - {fileID: 11400022}
  - {fileID: 11400024}
  - {fileID: 11400026}
  - {fileID: 11400036}
  - {fileID: 11400038}
  - {fileID: 11400028}
  - {fileID: 11400030}
  - {fileID: 11400032}
  - {fileID: 11400034}
  - {fileID: 11400040}
  - {fileID: 11400042}
  - {fileID: 11400048}
  - {fileID: 11400062}
  - {fileID: 11400064}
  - {fileID: 11400056}
  - {fileID: 11400044}
  - {fileID: 11400046}
  - {fileID: 11400050}
  - {fileID: 11400052}
  - {fileID: 11400054}
  - {fileID: 11400058}
  - {fileID: 11400060}
  - {fileID: 11400066}
  - {fileID: 11400068}
  - {fileID: 11400070}
  - {fileID: 11400072}
  - {fileID: 11400076}
  - {fileID: 11400074}
  - {fileID: 11400078}
  - {fileID: 11400080}
  - {fileID: 11400082}
  - {fileID: 11400084}
  - {fileID: 11400086}
  - {fileID: 11400088}
  - {fileID: 11400090}
  - {fileID: 11400092}
  - {fileID: 11400094}
  - {fileID: 11400096}
  - {fileID: 11400098}
  - {fileID: 11400100}
  - {fileID: 11400102}
  - {fileID: 11400104}
  - {fileID: 11400106}
  - {fileID: 11400108}
  - {fileID: 11400110}
  - {fileID: 11400112}
  - {fileID: 11400114}
  - {fileID: 11400116}
  - {fileID: 11400118}
  - {fileID: 11400120}
  - {fileID: 11400122}
  - {fileID: 11400124}
  - {fileID: 11400126}
--- !u!114 &11400002
MonoBehaviour:
  m_ObjectHideFlags: 1
  m_PrefabParentObject: {fileID: 0}
  m_PrefabInternal: {fileID: 0}
  m_GameObject: {fileID: 0}
  m_Enabled: 1
  m_EditorHideFlags: 0
  m_Script: {fileID: 11500000, guid: 71a93191c41dd7f4989c242dd3eeba7b, type: 3}
  m_Name: 
  m_EditorClassIdentifier: 
  _TileSet: {fileID: 11400000}
  type: 2
  position: {x: 0, y: 0}
  size: 16
  width: 1
  height: 1
  animation: 1
  collider: 0
  physicsMaterial: {fileID: 0}
  isTrigger: 0
  _Components: []
--- !u!114 &11400004
MonoBehaviour:
  m_ObjectHideFlags: 1
  m_PrefabParentObject: {fileID: 0}
  m_PrefabInternal: {fileID: 0}
  m_GameObject: {fileID: 0}
  m_Enabled: 1
  m_EditorHideFlags: 0
  m_Script: {fileID: 11500000, guid: 71a93191c41dd7f4989c242dd3eeba7b, type: 3}
  m_Name: 
  m_EditorClassIdentifier: 
  _TileSet: {fileID: 11400000}
  type: 2
  position: {x: 16, y: 0}
  size: 16
  width: 1
  height: 1
  animation: 1
  collider: 0
  physicsMaterial: {fileID: 0}
  isTrigger: 0
  _Components: []
--- !u!114 &11400006
MonoBehaviour:
  m_ObjectHideFlags: 1
  m_PrefabParentObject: {fileID: 0}
  m_PrefabInternal: {fileID: 0}
  m_GameObject: {fileID: 0}
  m_Enabled: 1
  m_EditorHideFlags: 0
  m_Script: {fileID: 11500000, guid: 71a93191c41dd7f4989c242dd3eeba7b, type: 3}
  m_Name: 
  m_EditorClassIdentifier: 
  _TileSet: {fileID: 11400000}
  type: 0
  position: {x: 0, y: 64}
  size: 16
  width: 1
  height: 1
  animation: 1
  collider: 0
  physicsMaterial: {fileID: 0}
  isTrigger: 0
  _Components: []
--- !u!114 &11400008
MonoBehaviour:
  m_ObjectHideFlags: 1
  m_PrefabParentObject: {fileID: 0}
  m_PrefabInternal: {fileID: 0}
  m_GameObject: {fileID: 0}
  m_Enabled: 1
  m_EditorHideFlags: 0
  m_Script: {fileID: 11500000, guid: 71a93191c41dd7f4989c242dd3eeba7b, type: 3}
  m_Name: 
  m_EditorClassIdentifier: 
  _TileSet: {fileID: 11400000}
  type: 0
  position: {x: 0, y: 80}
  size: 16
  width: 1
  height: 1
  animation: 1
  collider: 0
  physicsMaterial: {fileID: 0}
  isTrigger: 0
  _Components: []
--- !u!114 &11400010
MonoBehaviour:
  m_ObjectHideFlags: 1
  m_PrefabParentObject: {fileID: 0}
  m_PrefabInternal: {fileID: 0}
  m_GameObject: {fileID: 0}
  m_Enabled: 1
  m_EditorHideFlags: 0
  m_Script: {fileID: 11500000, guid: 71a93191c41dd7f4989c242dd3eeba7b, type: 3}
  m_Name: 
  m_EditorClassIdentifier: 
  _TileSet: {fileID: 11400000}
  type: 0
  position: {x: 0, y: 96}
  size: 16
  width: 1
  height: 1
  animation: 1
  collider: 0
  physicsMaterial: {fileID: 0}
  isTrigger: 0
  _Components: []
--- !u!114 &11400012
MonoBehaviour:
  m_ObjectHideFlags: 1
  m_PrefabParentObject: {fileID: 0}
  m_PrefabInternal: {fileID: 0}
  m_GameObject: {fileID: 0}
  m_Enabled: 1
  m_EditorHideFlags: 0
  m_Script: {fileID: 11500000, guid: 71a93191c41dd7f4989c242dd3eeba7b, type: 3}
  m_Name: 
  m_EditorClassIdentifier: 
  _TileSet: {fileID: 11400000}
  type: 0
  position: {x: 16, y: 80}
  size: 16
  width: 1
  height: 1
  animation: 1
  collider: 0
  physicsMaterial: {fileID: 0}
  isTrigger: 0
  _Components: []
--- !u!114 &11400014
MonoBehaviour:
  m_ObjectHideFlags: 1
  m_PrefabParentObject: {fileID: 0}
  m_PrefabInternal: {fileID: 0}
  m_GameObject: {fileID: 0}
  m_Enabled: 1
  m_EditorHideFlags: 0
  m_Script: {fileID: 11500000, guid: 71a93191c41dd7f4989c242dd3eeba7b, type: 3}
  m_Name: 
  m_EditorClassIdentifier: 
  _TileSet: {fileID: 11400000}
  type: 0
  position: {x: 16, y: 96}
  size: 16
  width: 1
  height: 1
  animation: 1
  collider: 0
  physicsMaterial: {fileID: 0}
  isTrigger: 0
  _Components: []
--- !u!114 &11400016
MonoBehaviour:
  m_ObjectHideFlags: 1
  m_PrefabParentObject: {fileID: 0}
  m_PrefabInternal: {fileID: 0}
  m_GameObject: {fileID: 0}
  m_Enabled: 1
  m_EditorHideFlags: 0
  m_Script: {fileID: 11500000, guid: 71a93191c41dd7f4989c242dd3eeba7b, type: 3}
  m_Name: 
  m_EditorClassIdentifier: 
  _TileSet: {fileID: 11400000}
  type: 0
  position: {x: 16, y: 64}
  size: 16
  width: 1
  height: 1
  animation: 1
  collider: 0
  physicsMaterial: {fileID: 0}
  isTrigger: 0
  _Components: []
--- !u!114 &11400018
MonoBehaviour:
  m_ObjectHideFlags: 1
  m_PrefabParentObject: {fileID: 0}
  m_PrefabInternal: {fileID: 0}
  m_GameObject: {fileID: 0}
  m_Enabled: 1
  m_EditorHideFlags: 0
  m_Script: {fileID: 11500000, guid: 71a93191c41dd7f4989c242dd3eeba7b, type: 3}
  m_Name: 
  m_EditorClassIdentifier: 
  _TileSet: {fileID: 11400000}
  type: 0
  position: {x: 16, y: 112}
  size: 16
  width: 1
  height: 1
  animation: 1
  collider: 0
  physicsMaterial: {fileID: 0}
  isTrigger: 0
  _Components: []
--- !u!114 &11400020
MonoBehaviour:
  m_ObjectHideFlags: 1
  m_PrefabParentObject: {fileID: 0}
  m_PrefabInternal: {fileID: 0}
  m_GameObject: {fileID: 0}
  m_Enabled: 1
  m_EditorHideFlags: 0
  m_Script: {fileID: 11500000, guid: 71a93191c41dd7f4989c242dd3eeba7b, type: 3}
  m_Name: 
  m_EditorClassIdentifier: 
  _TileSet: {fileID: 11400000}
  type: 0
  position: {x: 32, y: 64}
  size: 16
  width: 1
  height: 1
  animation: 1
  collider: 0
  physicsMaterial: {fileID: 0}
  isTrigger: 0
  _Components: []
--- !u!114 &11400022
MonoBehaviour:
  m_ObjectHideFlags: 1
  m_PrefabParentObject: {fileID: 0}
  m_PrefabInternal: {fileID: 0}
  m_GameObject: {fileID: 0}
  m_Enabled: 1
  m_EditorHideFlags: 0
  m_Script: {fileID: 11500000, guid: 71a93191c41dd7f4989c242dd3eeba7b, type: 3}
  m_Name: 
  m_EditorClassIdentifier: 
  _TileSet: {fileID: 11400000}
  type: 0
  position: {x: 32, y: 80}
  size: 16
  width: 1
  height: 1
  animation: 1
  collider: 0
  physicsMaterial: {fileID: 0}
  isTrigger: 0
  _Components: []
--- !u!114 &11400024
MonoBehaviour:
  m_ObjectHideFlags: 1
  m_PrefabParentObject: {fileID: 0}
  m_PrefabInternal: {fileID: 0}
  m_GameObject: {fileID: 0}
  m_Enabled: 1
  m_EditorHideFlags: 0
  m_Script: {fileID: 11500000, guid: 71a93191c41dd7f4989c242dd3eeba7b, type: 3}
  m_Name: 
  m_EditorClassIdentifier: 
  _TileSet: {fileID: 11400000}
  type: 0
  position: {x: 32, y: 96}
  size: 16
  width: 1
  height: 1
  animation: 1
  collider: 0
  physicsMaterial: {fileID: 0}
  isTrigger: 0
  _Components: []
--- !u!114 &11400026
MonoBehaviour:
  m_ObjectHideFlags: 1
  m_PrefabParentObject: {fileID: 0}
  m_PrefabInternal: {fileID: 0}
  m_GameObject: {fileID: 0}
  m_Enabled: 1
  m_EditorHideFlags: 0
  m_Script: {fileID: 11500000, guid: 71a93191c41dd7f4989c242dd3eeba7b, type: 3}
  m_Name: 
  m_EditorClassIdentifier: 
  _TileSet: {fileID: 11400000}
  type: 0
  position: {x: 32, y: 112}
  size: 16
  width: 1
  height: 1
  animation: 1
  collider: 0
  physicsMaterial: {fileID: 0}
  isTrigger: 0
  _Components: []
--- !u!114 &11400028
MonoBehaviour:
  m_ObjectHideFlags: 1
  m_PrefabParentObject: {fileID: 0}
  m_PrefabInternal: {fileID: 0}
  m_GameObject: {fileID: 0}
  m_Enabled: 1
  m_EditorHideFlags: 0
  m_Script: {fileID: 11500000, guid: 71a93191c41dd7f4989c242dd3eeba7b, type: 3}
  m_Name: 
  m_EditorClassIdentifier: 
  _TileSet: {fileID: 11400000}
  type: 0
  position: {x: 32, y: 0}
  size: 16
  width: 1
  height: 2
  animation: 1
  collider: 0
  physicsMaterial: {fileID: 0}
  isTrigger: 0
  _Components: []
--- !u!114 &11400030
MonoBehaviour:
  m_ObjectHideFlags: 1
  m_PrefabParentObject: {fileID: 0}
  m_PrefabInternal: {fileID: 0}
  m_GameObject: {fileID: 0}
  m_Enabled: 1
  m_EditorHideFlags: 0
  m_Script: {fileID: 11500000, guid: 71a93191c41dd7f4989c242dd3eeba7b, type: 3}
  m_Name: 
  m_EditorClassIdentifier: 
  _TileSet: {fileID: 11400000}
  type: 0
  position: {x: 48, y: 0}
  size: 16
  width: 2
  height: 1
  animation: 1
  collider: 0
  physicsMaterial: {fileID: 0}
  isTrigger: 0
  _Components: []
--- !u!114 &11400032
MonoBehaviour:
  m_ObjectHideFlags: 1
  m_PrefabParentObject: {fileID: 0}
  m_PrefabInternal: {fileID: 0}
  m_GameObject: {fileID: 0}
  m_Enabled: 1
  m_EditorHideFlags: 0
  m_Script: {fileID: 11500000, guid: 71a93191c41dd7f4989c242dd3eeba7b, type: 3}
  m_Name: 
  m_EditorClassIdentifier: 
  _TileSet: {fileID: 11400000}
  type: 0
  position: {x: 0, y: 0}
  size: 0
  width: 1
  height: 1
  animation: 1
  collider: 0
  physicsMaterial: {fileID: 0}
  isTrigger: 0
  _Components: []
--- !u!114 &11400034
MonoBehaviour:
  m_ObjectHideFlags: 1
  m_PrefabParentObject: {fileID: 0}
  m_PrefabInternal: {fileID: 0}
  m_GameObject: {fileID: 0}
  m_Enabled: 1
  m_EditorHideFlags: 0
  m_Script: {fileID: 11500000, guid: 71a93191c41dd7f4989c242dd3eeba7b, type: 3}
  m_Name: 
  m_EditorClassIdentifier: 
  _TileSet: {fileID: 11400000}
  type: 0
  position: {x: 48, y: 16}
  size: 16
  width: 2
  height: 1
  animation: 1
  collider: 0
  physicsMaterial: {fileID: 0}
  isTrigger: 0
  _Components: []
--- !u!114 &11400036
MonoBehaviour:
  m_ObjectHideFlags: 1
  m_PrefabParentObject: {fileID: 0}
  m_PrefabInternal: {fileID: 0}
  m_GameObject: {fileID: 0}
  m_Enabled: 1
  m_EditorHideFlags: 0
  m_Script: {fileID: 11500000, guid: 71a93191c41dd7f4989c242dd3eeba7b, type: 3}
  m_Name: 
  m_EditorClassIdentifier: 
  _TileSet: {fileID: 11400000}
  type: 0
  position: {x: 32, y: 128}
  size: 16
  width: 1
  height: 1
  animation: 1
  collider: 0
  physicsMaterial: {fileID: 0}
  isTrigger: 0
  _Components: []
--- !u!114 &11400038
MonoBehaviour:
  m_ObjectHideFlags: 1
  m_PrefabParentObject: {fileID: 0}
  m_PrefabInternal: {fileID: 0}
  m_GameObject: {fileID: 0}
  m_Enabled: 1
  m_EditorHideFlags: 0
  m_Script: {fileID: 11500000, guid: 71a93191c41dd7f4989c242dd3eeba7b, type: 3}
  m_Name: 
  m_EditorClassIdentifier: 
  _TileSet: {fileID: 11400000}
  type: 0
  position: {x: 32, y: 144}
  size: 16
  width: 1
  height: 1
  animation: 1
  collider: 0
  physicsMaterial: {fileID: 0}
  isTrigger: 0
  _Components: []
--- !u!114 &11400040
MonoBehaviour:
  m_ObjectHideFlags: 1
  m_PrefabParentObject: {fileID: 0}
  m_PrefabInternal: {fileID: 0}
  m_GameObject: {fileID: 0}
  m_Enabled: 1
  m_EditorHideFlags: 0
  m_Script: {fileID: 11500000, guid: 71a93191c41dd7f4989c242dd3eeba7b, type: 3}
  m_Name: 
  m_EditorClassIdentifier: 
  _TileSet: {fileID: 11400000}
  type: 0
  position: {x: 0, y: 128}
  size: 16
  width: 2
  height: 2
  animation: 1
  collider: 0
  physicsMaterial: {fileID: 0}
  isTrigger: 0
  _Components: []
--- !u!114 &11400042
MonoBehaviour:
  m_ObjectHideFlags: 1
  m_PrefabParentObject: {fileID: 0}
  m_PrefabInternal: {fileID: 0}
  m_GameObject: {fileID: 0}
  m_Enabled: 1
  m_EditorHideFlags: 0
  m_Script: {fileID: 11500000, guid: 71a93191c41dd7f4989c242dd3eeba7b, type: 3}
  m_Name: 
  m_EditorClassIdentifier: 
  _TileSet: {fileID: 11400000}
  type: 0
  position: {x: 48, y: 160}
  size: 16
  width: 1
  height: 1
  animation: 4
  collider: 0
  physicsMaterial: {fileID: 0}
  isTrigger: 0
  _Components: []
--- !u!114 &11400044
MonoBehaviour:
  m_ObjectHideFlags: 1
  m_PrefabParentObject: {fileID: 0}
  m_PrefabInternal: {fileID: 0}
  m_GameObject: {fileID: 0}
  m_Enabled: 1
  m_EditorHideFlags: 0
  m_Script: {fileID: 11500000, guid: 71a93191c41dd7f4989c242dd3eeba7b, type: 3}
  m_Name: 
  m_EditorClassIdentifier: 
  _TileSet: {fileID: 11400000}
  type: 0
  position: {x: 96, y: 0}
  size: 16
  width: 1
  height: 1
  animation: 1
  collider: 0
  physicsMaterial: {fileID: 0}
  isTrigger: 0
  _Components: []
--- !u!114 &11400046
MonoBehaviour:
  m_ObjectHideFlags: 1
  m_PrefabParentObject: {fileID: 0}
  m_PrefabInternal: {fileID: 0}
  m_GameObject: {fileID: 0}
  m_Enabled: 1
  m_EditorHideFlags: 0
  m_Script: {fileID: 11500000, guid: 71a93191c41dd7f4989c242dd3eeba7b, type: 3}
  m_Name: 
  m_EditorClassIdentifier: 
  _TileSet: {fileID: 11400000}
  type: 0
  position: {x: 112, y: 0}
  size: 16
  width: 1
  height: 1
  animation: 1
  collider: 0
  physicsMaterial: {fileID: 0}
  isTrigger: 0
  _Components: []
--- !u!114 &11400048
MonoBehaviour:
  m_ObjectHideFlags: 1
  m_PrefabParentObject: {fileID: 0}
  m_PrefabInternal: {fileID: 0}
  m_GameObject: {fileID: 0}
  m_Enabled: 1
  m_EditorHideFlags: 0
  m_Script: {fileID: 11500000, guid: 71a93191c41dd7f4989c242dd3eeba7b, type: 3}
  m_Name: 
  m_EditorClassIdentifier: 
  _TileSet: {fileID: 11400000}
  type: 2
  position: {x: 48, y: 80}
  size: 16
  width: 1
  height: 1
  animation: 1
  collider: 0
  physicsMaterial: {fileID: 0}
  isTrigger: 0
  _Components: []
--- !u!114 &11400050
MonoBehaviour:
  m_ObjectHideFlags: 1
  m_PrefabParentObject: {fileID: 0}
  m_PrefabInternal: {fileID: 0}
  m_GameObject: {fileID: 0}
  m_Enabled: 1
  m_EditorHideFlags: 0
  m_Script: {fileID: 11500000, guid: 71a93191c41dd7f4989c242dd3eeba7b, type: 3}
  m_Name: 
  m_EditorClassIdentifier: 
  _TileSet: {fileID: 11400000}
  type: 0
  position: {x: 80, y: 16}
  size: 16
  width: 1
  height: 1
  animation: 1
  collider: 0
  physicsMaterial: {fileID: 0}
  isTrigger: 0
  _Components: []
--- !u!114 &11400052
MonoBehaviour:
  m_ObjectHideFlags: 1
  m_PrefabParentObject: {fileID: 0}
  m_PrefabInternal: {fileID: 0}
  m_GameObject: {fileID: 0}
  m_Enabled: 1
  m_EditorHideFlags: 0
  m_Script: {fileID: 11500000, guid: 71a93191c41dd7f4989c242dd3eeba7b, type: 3}
  m_Name: 
  m_EditorClassIdentifier: 
  _TileSet: {fileID: 11400000}
  type: 0
  position: {x: 112, y: 16}
  size: 16
  width: 1
  height: 1
  animation: 1
  collider: 0
  physicsMaterial: {fileID: 0}
  isTrigger: 0
  _Components: []
--- !u!114 &11400054
MonoBehaviour:
  m_ObjectHideFlags: 1
  m_PrefabParentObject: {fileID: 0}
  m_PrefabInternal: {fileID: 0}
  m_GameObject: {fileID: 0}
  m_Enabled: 1
  m_EditorHideFlags: 0
  m_Script: {fileID: 11500000, guid: 71a93191c41dd7f4989c242dd3eeba7b, type: 3}
  m_Name: 
  m_EditorClassIdentifier: 
  _TileSet: {fileID: 11400000}
  type: 0
  position: {x: 80, y: 32}
  size: 16
  width: 1
  height: 1
  animation: 1
  collider: 0
  physicsMaterial: {fileID: 0}
  isTrigger: 0
  _Components: []
--- !u!114 &11400056
MonoBehaviour:
  m_ObjectHideFlags: 1
  m_PrefabParentObject: {fileID: 0}
  m_PrefabInternal: {fileID: 0}
  m_GameObject: {fileID: 0}
  m_Enabled: 1
  m_EditorHideFlags: 0
  m_Script: {fileID: 11500000, guid: 71a93191c41dd7f4989c242dd3eeba7b, type: 3}
  m_Name: 
  m_EditorClassIdentifier: 
  _TileSet: {fileID: 11400000}
  type: 0
  position: {x: 80, y: 0}
  size: 16
  width: 1
  height: 1
  animation: 1
  collider: 0
  physicsMaterial: {fileID: 0}
  isTrigger: 0
  _Components: []
--- !u!114 &11400058
MonoBehaviour:
  m_ObjectHideFlags: 1
  m_PrefabParentObject: {fileID: 0}
  m_PrefabInternal: {fileID: 0}
  m_GameObject: {fileID: 0}
  m_Enabled: 1
  m_EditorHideFlags: 0
  m_Script: {fileID: 11500000, guid: 71a93191c41dd7f4989c242dd3eeba7b, type: 3}
  m_Name: 
  m_EditorClassIdentifier: 
  _TileSet: {fileID: 11400000}
  type: 0
  position: {x: 96, y: 32}
  size: 16
  width: 1
  height: 1
  animation: 1
  collider: 0
  physicsMaterial: {fileID: 0}
  isTrigger: 0
  _Components: []
--- !u!114 &11400060
MonoBehaviour:
  m_ObjectHideFlags: 1
  m_PrefabParentObject: {fileID: 0}
  m_PrefabInternal: {fileID: 0}
  m_GameObject: {fileID: 0}
  m_Enabled: 1
  m_EditorHideFlags: 0
  m_Script: {fileID: 11500000, guid: 71a93191c41dd7f4989c242dd3eeba7b, type: 3}
  m_Name: 
  m_EditorClassIdentifier: 
  _TileSet: {fileID: 11400000}
  type: 0
  position: {x: 112, y: 32}
  size: 16
  width: 1
  height: 1
  animation: 1
  collider: 0
  physicsMaterial: {fileID: 0}
  isTrigger: 0
  _Components: []
--- !u!114 &11400062
MonoBehaviour:
  m_ObjectHideFlags: 1
  m_PrefabParentObject: {fileID: 0}
  m_PrefabInternal: {fileID: 0}
  m_GameObject: {fileID: 0}
  m_Enabled: 1
  m_EditorHideFlags: 0
  m_Script: {fileID: 11500000, guid: 71a93191c41dd7f4989c242dd3eeba7b, type: 3}
  m_Name: 
  m_EditorClassIdentifier: 
  _TileSet: {fileID: 11400000}
  type: 2
  position: {x: 64, y: 80}
  size: 16
  width: 1
  height: 1
  animation: 1
  collider: 0
  physicsMaterial: {fileID: 0}
  isTrigger: 0
  _Components: []
--- !u!114 &11400064
MonoBehaviour:
  m_ObjectHideFlags: 1
  m_PrefabParentObject: {fileID: 0}
  m_PrefabInternal: {fileID: 0}
  m_GameObject: {fileID: 0}
  m_Enabled: 1
  m_EditorHideFlags: 0
  m_Script: {fileID: 11500000, guid: 71a93191c41dd7f4989c242dd3eeba7b, type: 3}
  m_Name: 
  m_EditorClassIdentifier: 
  _TileSet: {fileID: 11400000}
  type: 2
  position: {x: 80, y: 80}
  size: 16
  width: 1
  height: 1
  animation: 1
  collider: 0
  physicsMaterial: {fileID: 0}
  isTrigger: 0
  _Components: []
--- !u!114 &11400066
MonoBehaviour:
  m_ObjectHideFlags: 1
  m_PrefabParentObject: {fileID: 0}
  m_PrefabInternal: {fileID: 0}
  m_GameObject: {fileID: 0}
  m_Enabled: 1
  m_EditorHideFlags: 0
  m_Script: {fileID: 11500000, guid: 71a93191c41dd7f4989c242dd3eeba7b, type: 3}
  m_Name: 
  m_EditorClassIdentifier: 
  _TileSet: {fileID: 11400000}
  type: 0
  position: {x: 128, y: 32}
  size: 16
  width: 1
  height: 1
  animation: 1
  collider: 0
  physicsMaterial: {fileID: 0}
  isTrigger: 0
  _Components: []
--- !u!114 &11400068
MonoBehaviour:
  m_ObjectHideFlags: 1
  m_PrefabParentObject: {fileID: 0}
  m_PrefabInternal: {fileID: 0}
  m_GameObject: {fileID: 0}
  m_Enabled: 1
  m_EditorHideFlags: 0
  m_Script: {fileID: 11500000, guid: 71a93191c41dd7f4989c242dd3eeba7b, type: 3}
  m_Name: 
  m_EditorClassIdentifier: 
  _TileSet: {fileID: 11400000}
  type: 0
  position: {x: 144, y: 32}
  size: 16
  width: 1
  height: 1
  animation: 1
  collider: 0
  physicsMaterial: {fileID: 0}
  isTrigger: 0
  _Components: []
--- !u!114 &11400070
MonoBehaviour:
  m_ObjectHideFlags: 1
  m_PrefabParentObject: {fileID: 0}
  m_PrefabInternal: {fileID: 0}
  m_GameObject: {fileID: 0}
  m_Enabled: 1
  m_EditorHideFlags: 0
  m_Script: {fileID: 11500000, guid: 71a93191c41dd7f4989c242dd3eeba7b, type: 3}
  m_Name: 
  m_EditorClassIdentifier: 
  _TileSet: {fileID: 11400000}
  type: 0
  position: {x: 160, y: 32}
  size: 16
  width: 1
  height: 1
  animation: 1
  collider: 0
  physicsMaterial: {fileID: 0}
  isTrigger: 0
  _Components: []
--- !u!114 &11400072
MonoBehaviour:
  m_ObjectHideFlags: 1
  m_PrefabParentObject: {fileID: 0}
  m_PrefabInternal: {fileID: 0}
  m_GameObject: {fileID: 0}
  m_Enabled: 1
  m_EditorHideFlags: 0
  m_Script: {fileID: 11500000, guid: 71a93191c41dd7f4989c242dd3eeba7b, type: 3}
  m_Name: 
  m_EditorClassIdentifier: 
  _TileSet: {fileID: 11400000}
  type: 0
  position: {x: 176, y: 32}
  size: 16
  width: 1
  height: 1
  animation: 1
  collider: 0
  physicsMaterial: {fileID: 0}
  isTrigger: 0
  _Components: []
--- !u!114 &11400074
MonoBehaviour:
  m_ObjectHideFlags: 1
  m_PrefabParentObject: {fileID: 0}
  m_PrefabInternal: {fileID: 0}
  m_GameObject: {fileID: 0}
  m_Enabled: 1
  m_EditorHideFlags: 0
  m_Script: {fileID: 11500000, guid: 71a93191c41dd7f4989c242dd3eeba7b, type: 3}
  m_Name: 
  m_EditorClassIdentifier: 
  _TileSet: {fileID: 11400000}
  type: 0
  position: {x: 128, y: 64}
  size: 16
  width: 1
  height: 1
  animation: 1
  collider: 0
  physicsMaterial: {fileID: 0}
  isTrigger: 0
  _Components: []
--- !u!114 &11400076
MonoBehaviour:
  m_ObjectHideFlags: 1
  m_PrefabParentObject: {fileID: 0}
  m_PrefabInternal: {fileID: 0}
  m_GameObject: {fileID: 0}
  m_Enabled: 1
  m_EditorHideFlags: 0
  m_Script: {fileID: 11500000, guid: 71a93191c41dd7f4989c242dd3eeba7b, type: 3}
  m_Name: 
  m_EditorClassIdentifier: 
  _TileSet: {fileID: 11400000}
  type: 0
  position: {x: 128, y: 48}
  size: 16
  width: 1
  height: 1
  animation: 1
  collider: 0
  physicsMaterial: {fileID: 0}
  isTrigger: 0
  _Components: []
--- !u!114 &11400078
MonoBehaviour:
  m_ObjectHideFlags: 1
  m_PrefabParentObject: {fileID: 0}
  m_PrefabInternal: {fileID: 0}
  m_GameObject: {fileID: 0}
  m_Enabled: 1
  m_EditorHideFlags: 0
  m_Script: {fileID: 11500000, guid: 71a93191c41dd7f4989c242dd3eeba7b, type: 3}
  m_Name: 
  m_EditorClassIdentifier: 
  _TileSet: {fileID: 11400000}
  type: 0
  position: {x: 0, y: 0}
  size: 0
  width: 1
  height: 1
  animation: 1
  collider: 0
  physicsMaterial: {fileID: 0}
  isTrigger: 0
  _Components: []
--- !u!114 &11400080
MonoBehaviour:
  m_ObjectHideFlags: 1
  m_PrefabParentObject: {fileID: 0}
  m_PrefabInternal: {fileID: 0}
  m_GameObject: {fileID: 0}
  m_Enabled: 1
  m_EditorHideFlags: 0
  m_Script: {fileID: 11500000, guid: 71a93191c41dd7f4989c242dd3eeba7b, type: 3}
  m_Name: 
  m_EditorClassIdentifier: 
  _TileSet: {fileID: 11400000}
  type: 0
  position: {x: 96, y: 48}
  size: 16
  width: 1
  height: 1
  animation: 1
  collider: 0
  physicsMaterial: {fileID: 0}
  isTrigger: 0
  _Components: []
--- !u!114 &11400082
MonoBehaviour:
  m_ObjectHideFlags: 1
  m_PrefabParentObject: {fileID: 0}
  m_PrefabInternal: {fileID: 0}
  m_GameObject: {fileID: 0}
  m_Enabled: 1
  m_EditorHideFlags: 0
  m_Script: {fileID: 11500000, guid: 71a93191c41dd7f4989c242dd3eeba7b, type: 3}
  m_Name: 
  m_EditorClassIdentifier: 
  _TileSet: {fileID: 11400000}
  type: 0
  position: {x: 96, y: 80}
  size: 16
  width: 1
  height: 1
  animation: 1
  collider: 0
  physicsMaterial: {fileID: 0}
  isTrigger: 0
  _Components: []
--- !u!114 &11400084
MonoBehaviour:
  m_ObjectHideFlags: 1
  m_PrefabParentObject: {fileID: 0}
  m_PrefabInternal: {fileID: 0}
  m_GameObject: {fileID: 0}
  m_Enabled: 1
  m_EditorHideFlags: 0
  m_Script: {fileID: 11500000, guid: 71a93191c41dd7f4989c242dd3eeba7b, type: 3}
  m_Name: 
  m_EditorClassIdentifier: 
  _TileSet: {fileID: 11400000}
  type: 0
  position: {x: 80, y: 64}
  size: 16
  width: 1
  height: 1
  animation: 1
  collider: 0
  physicsMaterial: {fileID: 0}
  isTrigger: 0
  _Components: []
--- !u!114 &11400086
MonoBehaviour:
  m_ObjectHideFlags: 1
  m_PrefabParentObject: {fileID: 0}
  m_PrefabInternal: {fileID: 0}
  m_GameObject: {fileID: 0}
  m_Enabled: 1
  m_EditorHideFlags: 0
  m_Script: {fileID: 11500000, guid: 71a93191c41dd7f4989c242dd3eeba7b, type: 3}
  m_Name: 
  m_EditorClassIdentifier: 
  _TileSet: {fileID: 11400000}
  type: 0
  position: {x: 112, y: 64}
  size: 16
  width: 1
  height: 1
  animation: 1
  collider: 0
  physicsMaterial: {fileID: 0}
  isTrigger: 0
  _Components: []
--- !u!114 &11400088
MonoBehaviour:
  m_ObjectHideFlags: 1
  m_PrefabParentObject: {fileID: 0}
  m_PrefabInternal: {fileID: 0}
  m_GameObject: {fileID: 0}
  m_Enabled: 1
  m_EditorHideFlags: 0
  m_Script: {fileID: 11500000, guid: 71a93191c41dd7f4989c242dd3eeba7b, type: 3}
  m_Name: 
  m_EditorClassIdentifier: 
  _TileSet: {fileID: 11400000}
  type: 0
  position: {x: 160, y: 16}
  size: 16
  width: 1
  height: 1
  animation: 1
  collider: 0
  physicsMaterial: {fileID: 0}
  isTrigger: 0
  _Components: []
--- !u!114 &11400090
MonoBehaviour:
  m_ObjectHideFlags: 1
  m_PrefabParentObject: {fileID: 0}
  m_PrefabInternal: {fileID: 0}
  m_GameObject: {fileID: 0}
  m_Enabled: 1
  m_EditorHideFlags: 0
  m_Script: {fileID: 11500000, guid: 71a93191c41dd7f4989c242dd3eeba7b, type: 3}
  m_Name: 
  m_EditorClassIdentifier: 
  _TileSet: {fileID: 11400000}
  type: 0
  position: {x: 144, y: 48}
  size: 16
  width: 1
  height: 1
  animation: 1
  collider: 0
  physicsMaterial: {fileID: 0}
  isTrigger: 0
  _Components: []
--- !u!114 &11400092
MonoBehaviour:
  m_ObjectHideFlags: 1
  m_PrefabParentObject: {fileID: 0}
  m_PrefabInternal: {fileID: 0}
  m_GameObject: {fileID: 0}
  m_Enabled: 1
  m_EditorHideFlags: 0
  m_Script: {fileID: 11500000, guid: 71a93191c41dd7f4989c242dd3eeba7b, type: 3}
  m_Name: 
  m_EditorClassIdentifier: 
  _TileSet: {fileID: 11400000}
  type: 0
  position: {x: 160, y: 48}
  size: 16
  width: 1
  height: 1
  animation: 1
  collider: 0
  physicsMaterial: {fileID: 0}
  isTrigger: 0
  _Components: []
--- !u!114 &11400094
MonoBehaviour:
  m_ObjectHideFlags: 1
  m_PrefabParentObject: {fileID: 0}
  m_PrefabInternal: {fileID: 0}
  m_GameObject: {fileID: 0}
  m_Enabled: 1
  m_EditorHideFlags: 0
  m_Script: {fileID: 11500000, guid: 71a93191c41dd7f4989c242dd3eeba7b, type: 3}
  m_Name: 
  m_EditorClassIdentifier: 
  _TileSet: {fileID: 11400000}
  type: 0
  position: {x: 176, y: 48}
  size: 16
  width: 1
  height: 1
  animation: 1
  collider: 0
  physicsMaterial: {fileID: 0}
  isTrigger: 0
  _Components: []
--- !u!114 &11400096
MonoBehaviour:
  m_ObjectHideFlags: 1
  m_PrefabParentObject: {fileID: 0}
  m_PrefabInternal: {fileID: 0}
  m_GameObject: {fileID: 0}
  m_Enabled: 1
  m_EditorHideFlags: 0
  m_Script: {fileID: 11500000, guid: 71a93191c41dd7f4989c242dd3eeba7b, type: 3}
  m_Name: 
  m_EditorClassIdentifier: 
  _TileSet: {fileID: 11400000}
  type: 0
  position: {x: 144, y: 64}
  size: 16
  width: 1
  height: 1
  animation: 1
  collider: 0
  physicsMaterial: {fileID: 0}
  isTrigger: 0
  _Components: []
--- !u!114 &11400098
MonoBehaviour:
  m_ObjectHideFlags: 1
  m_PrefabParentObject: {fileID: 0}
  m_PrefabInternal: {fileID: 0}
  m_GameObject: {fileID: 0}
  m_Enabled: 1
  m_EditorHideFlags: 0
  m_Script: {fileID: 11500000, guid: 71a93191c41dd7f4989c242dd3eeba7b, type: 3}
  m_Name: 
  m_EditorClassIdentifier: 
  _TileSet: {fileID: 11400000}
  type: 0
  position: {x: 160, y: 64}
  size: 16
  width: 1
  height: 1
  animation: 1
  collider: 0
  physicsMaterial: {fileID: 0}
  isTrigger: 0
  _Components: []
--- !u!114 &11400100
MonoBehaviour:
  m_ObjectHideFlags: 1
  m_PrefabParentObject: {fileID: 0}
  m_PrefabInternal: {fileID: 0}
  m_GameObject: {fileID: 0}
  m_Enabled: 1
  m_EditorHideFlags: 0
  m_Script: {fileID: 11500000, guid: 71a93191c41dd7f4989c242dd3eeba7b, type: 3}
  m_Name: 
  m_EditorClassIdentifier: 
  _TileSet: {fileID: 11400000}
  type: 0
  position: {x: 176, y: 64}
  size: 16
  width: 1
  height: 1
  animation: 1
  collider: 0
  physicsMaterial: {fileID: 0}
  isTrigger: 0
  _Components: []
--- !u!114 &11400102
MonoBehaviour:
  m_ObjectHideFlags: 1
  m_PrefabParentObject: {fileID: 0}
  m_PrefabInternal: {fileID: 0}
  m_GameObject: {fileID: 0}
  m_Enabled: 1
  m_EditorHideFlags: 0
  m_Script: {fileID: 11500000, guid: 71a93191c41dd7f4989c242dd3eeba7b, type: 3}
  m_Name: 
  m_EditorClassIdentifier: 
  _TileSet: {fileID: 11400000}
  type: 0
  position: {x: 144, y: 80}
  size: 16
  width: 1
  height: 1
  animation: 1
  collider: 0
  physicsMaterial: {fileID: 0}
  isTrigger: 0
  _Components: []
--- !u!114 &11400104
MonoBehaviour:
  m_ObjectHideFlags: 1
  m_PrefabParentObject: {fileID: 0}
  m_PrefabInternal: {fileID: 0}
  m_GameObject: {fileID: 0}
  m_Enabled: 1
  m_EditorHideFlags: 0
  m_Script: {fileID: 11500000, guid: 71a93191c41dd7f4989c242dd3eeba7b, type: 3}
  m_Name: 
  m_EditorClassIdentifier: 
  _TileSet: {fileID: 11400000}
  type: 0
  position: {x: 160, y: 80}
  size: 16
  width: 1
  height: 1
  animation: 1
  collider: 0
  physicsMaterial: {fileID: 0}
  isTrigger: 0
  _Components: []
--- !u!114 &11400106
MonoBehaviour:
  m_ObjectHideFlags: 1
  m_PrefabParentObject: {fileID: 0}
  m_PrefabInternal: {fileID: 0}
  m_GameObject: {fileID: 0}
  m_Enabled: 1
  m_EditorHideFlags: 0
  m_Script: {fileID: 11500000, guid: 71a93191c41dd7f4989c242dd3eeba7b, type: 3}
  m_Name: 
  m_EditorClassIdentifier: 
  _TileSet: {fileID: 11400000}
  type: 0
  position: {x: 176, y: 80}
  size: 16
  width: 1
  height: 1
  animation: 1
  collider: 0
  physicsMaterial: {fileID: 0}
  isTrigger: 0
  _Components: []
--- !u!114 &11400108
MonoBehaviour:
  m_ObjectHideFlags: 1
  m_PrefabParentObject: {fileID: 0}
  m_PrefabInternal: {fileID: 0}
  m_GameObject: {fileID: 0}
  m_Enabled: 1
  m_EditorHideFlags: 0
  m_Script: {fileID: 11500000, guid: 71a93191c41dd7f4989c242dd3eeba7b, type: 3}
  m_Name: 
  m_EditorClassIdentifier: 
  _TileSet: {fileID: 11400000}
  type: 0
  position: {x: 144, y: 96}
  size: 16
  width: 1
  height: 1
  animation: 1
  collider: 0
  physicsMaterial: {fileID: 0}
  isTrigger: 0
  _Components: []
--- !u!114 &11400110
MonoBehaviour:
  m_ObjectHideFlags: 1
  m_PrefabParentObject: {fileID: 0}
  m_PrefabInternal: {fileID: 0}
  m_GameObject: {fileID: 0}
  m_Enabled: 1
  m_EditorHideFlags: 0
  m_Script: {fileID: 11500000, guid: 71a93191c41dd7f4989c242dd3eeba7b, type: 3}
  m_Name: 
  m_EditorClassIdentifier: 
  _TileSet: {fileID: 11400000}
  type: 0
  position: {x: 160, y: 96}
  size: 16
  width: 1
  height: 1
  animation: 1
  collider: 0
  physicsMaterial: {fileID: 0}
  isTrigger: 0
  _Components: []
--- !u!114 &11400112
MonoBehaviour:
  m_ObjectHideFlags: 1
  m_PrefabParentObject: {fileID: 0}
  m_PrefabInternal: {fileID: 0}
  m_GameObject: {fileID: 0}
  m_Enabled: 1
  m_EditorHideFlags: 0
  m_Script: {fileID: 11500000, guid: 71a93191c41dd7f4989c242dd3eeba7b, type: 3}
  m_Name: 
  m_EditorClassIdentifier: 
  _TileSet: {fileID: 11400000}
  type: 0
  position: {x: 176, y: 96}
  size: 16
  width: 1
  height: 1
  animation: 1
  collider: 0
  physicsMaterial: {fileID: 0}
  isTrigger: 0
  _Components: []
--- !u!114 &11400114
MonoBehaviour:
  m_ObjectHideFlags: 1
  m_PrefabParentObject: {fileID: 0}
  m_PrefabInternal: {fileID: 0}
  m_GameObject: {fileID: 0}
  m_Enabled: 1
  m_EditorHideFlags: 0
  m_Script: {fileID: 11500000, guid: 71a93191c41dd7f4989c242dd3eeba7b, type: 3}
  m_Name: 
  m_EditorClassIdentifier: 
  _TileSet: {fileID: 11400000}
  type: 0
  position: {x: 144, y: 112}
  size: 16
  width: 1
  height: 1
  animation: 1
  collider: 0
  physicsMaterial: {fileID: 0}
  isTrigger: 0
  _Components: []
--- !u!114 &11400116
MonoBehaviour:
  m_ObjectHideFlags: 1
  m_PrefabParentObject: {fileID: 0}
  m_PrefabInternal: {fileID: 0}
  m_GameObject: {fileID: 0}
  m_Enabled: 1
  m_EditorHideFlags: 0
  m_Script: {fileID: 11500000, guid: 71a93191c41dd7f4989c242dd3eeba7b, type: 3}
  m_Name: 
  m_EditorClassIdentifier: 
  _TileSet: {fileID: 11400000}
  type: 0
  position: {x: 160, y: 112}
  size: 16
  width: 1
  height: 1
  animation: 1
  collider: 0
  physicsMaterial: {fileID: 0}
  isTrigger: 0
  _Components: []
--- !u!114 &11400118
MonoBehaviour:
  m_ObjectHideFlags: 1
  m_PrefabParentObject: {fileID: 0}
  m_PrefabInternal: {fileID: 0}
  m_GameObject: {fileID: 0}
  m_Enabled: 1
  m_EditorHideFlags: 0
  m_Script: {fileID: 11500000, guid: 71a93191c41dd7f4989c242dd3eeba7b, type: 3}
  m_Name: 
  m_EditorClassIdentifier: 
  _TileSet: {fileID: 11400000}
  type: 0
  position: {x: 176, y: 112}
  size: 16
  width: 1
  height: 1
  animation: 1
  collider: 0
  physicsMaterial: {fileID: 0}
  isTrigger: 0
  _Components: []
--- !u!114 &11400120
MonoBehaviour:
  m_ObjectHideFlags: 1
  m_PrefabParentObject: {fileID: 0}
  m_PrefabInternal: {fileID: 0}
  m_GameObject: {fileID: 0}
  m_Enabled: 1
  m_EditorHideFlags: 0
  m_Script: {fileID: 11500000, guid: 71a93191c41dd7f4989c242dd3eeba7b, type: 3}
  m_Name: 
  m_EditorClassIdentifier: 
  _TileSet: {fileID: 11400000}
  type: 0
  position: {x: 144, y: 128}
  size: 16
  width: 1
  height: 1
  animation: 1
  collider: 0
  physicsMaterial: {fileID: 0}
  isTrigger: 0
  _Components: []
--- !u!114 &11400122
MonoBehaviour:
  m_ObjectHideFlags: 1
  m_PrefabParentObject: {fileID: 0}
  m_PrefabInternal: {fileID: 0}
  m_GameObject: {fileID: 0}
  m_Enabled: 1
  m_EditorHideFlags: 0
  m_Script: {fileID: 11500000, guid: 71a93191c41dd7f4989c242dd3eeba7b, type: 3}
  m_Name: 
  m_EditorClassIdentifier: 
  _TileSet: {fileID: 11400000}
  type: 0
  position: {x: 160, y: 128}
  size: 16
  width: 1
  height: 1
  animation: 1
  collider: 0
  physicsMaterial: {fileID: 0}
  isTrigger: 0
  _Components: []
--- !u!114 &11400124
MonoBehaviour:
  m_ObjectHideFlags: 1
  m_PrefabParentObject: {fileID: 0}
  m_PrefabInternal: {fileID: 0}
  m_GameObject: {fileID: 0}
  m_Enabled: 1
  m_EditorHideFlags: 0
  m_Script: {fileID: 11500000, guid: 71a93191c41dd7f4989c242dd3eeba7b, type: 3}
  m_Name: 
  m_EditorClassIdentifier: 
  _TileSet: {fileID: 11400000}
  type: 0
  position: {x: 176, y: 128}
  size: 16
  width: 1
  height: 1
  animation: 1
  collider: 0
  physicsMaterial: {fileID: 0}
  isTrigger: 0
  _Components: []
--- !u!114 &11400126
MonoBehaviour:
  m_ObjectHideFlags: 1
  m_PrefabParentObject: {fileID: 0}
  m_PrefabInternal: {fileID: 0}
  m_GameObject: {fileID: 0}
  m_Enabled: 1
  m_EditorHideFlags: 0
  m_Script: {fileID: 11500000, guid: 71a93191c41dd7f4989c242dd3eeba7b, type: 3}
  m_Name: 
  m_EditorClassIdentifier: 
  _TileSet: {fileID: 11400000}
  type: 0
  position: {x: 160, y: 208}
  size: 16
  width: 1
  height: 1
  animation: 1
  collider: 0
  physicsMaterial: {fileID: 0}
  isTrigger: 0
  _Components: []
